@inproceedings{DBLP:conf/ijcai/BonoGHS19,
  author    = {Massimo Bono and
               Alfonso Emilio Gerevini and
               Daniel Damir Harabor and
               Peter J. Stuckey},
  editor    = {Sarit Kraus},
  title     = {Path Planning with {CPD} Heuristics},
  booktitle = {Proceedings of the Twenty-Eighth International Joint Conference on
               Artificial Intelligence, {IJCAI} 2019, Macao, China, August 10-16,
               2019},
  pages     = {1199--1205},
  publisher = {ijcai.org},
  year      = {2019},
  url_       = {https://doi.org/10.24963/ijcai.2019/167},
  doi       = {10.24963/ijcai.2019/167},
  timestamp = {Tue, 20 Aug 2019 16:18:21 +0200},
  biburl    = {https://dblp.org/rec/conf/ijcai/BonoGHS19.bib},
  bibsource = {dblp computer science bibliography, https://dblp.org}
}

@inproceedings{DBLP:conf/wea/DellingW07,
  author    = {Daniel Delling and
               Dorothea Wagner},
  editor    = {Camil Demetrescu},
  title     = {Landmark-Based Routing in Dynamic Graphs},
  booktitle = {Experimental Algorithms, 6th International Workshop, {WEA} 2007, Rome,
               Italy, June 6-8, 2007, Proceedings},
  series    = {Lecture Notes in Computer Science},
  volume    = {4525},
  pages     = {52--65},
  publisher = {Springer},
  year      = {2007},
  url_       = {https://doi.org/10.1007/978-3-540-72845-0\_5},
  doi       = {10.1007/978-3-540-72845-0\_5},
  timestamp = {Tue, 14 May 2019 10:00:42 +0200},
  biburl    = {https://dblp.org/rec/conf/wea/DellingW07.bib},
  bibsource = {dblp computer science bibliography, https://dblp.org}
}

@inproceedings{DBLP:conf/gis/DellingGGKTW15,
  author    = {Daniel Delling and
               Andrew V. Goldberg and
               Mois{\'{e}}s Goldszmidt and
               John Krumm and
               Kunal Talwar and
               Renato F. Werneck},
  editor    = {Jie Bao and
               Christian Sengstock and
               Mohammed Eunus Ali and
               Yan Huang and
               Michael Gertz and
               Matthias Renz and
               Jagan Sankaranarayanan},
  title     = {Navigation made personal: inferring driving preferences from {GPS}
               traces},
  booktitle = {Proceedings of the 23rd {SIGSPATIAL} International Conference on Advances
               in Geographic Information Systems, Bellevue, WA, USA, November 3-6,
               2015},
  pages     = {31:1--31:9},
  publisher = {{ACM}},
  year      = {2015},
  url_       = {https://doi.org/10.1145/2820783.2820808},
  doi       = {10.1145/2820783.2820808},
  timestamp = {Tue, 06 Nov 2018 11:07:35 +0100},
  biburl    = {https://dblp.org/rec/conf/gis/DellingGGKTW15.bib},
  bibsource = {dblp computer science bibliography, https://dblp.org}
}

@inproceedings{DBLP:conf/gis/FunkeLS16,
  author    = {Stefan Funke and
               S{\"{o}}ren Laue and
               Sabine Storandt},
  editor    = {Siva Ravada and
               Mohammed Eunus Ali and
               Shawn D. Newsam and
               Matthias Renz and
               Goce Trajcevski},
  title     = {Deducing individual driving preferences for user-aware navigation},
  booktitle = {Proceedings of the 24th {ACM} {SIGSPATIAL} International Conference
               on Advances in Geographic Information Systems, {GIS} 2016, Burlingame,
               California, USA, October 31 - November 3, 2016},
  pages     = {14:1--14:9},
  publisher = {{ACM}},
  year      = {2016},
  url_       = {https://doi.org/10.1145/2996913.2997004},
  doi       = {10.1145/2996913.2997004},
  timestamp = {Tue, 06 Nov 2018 11:07:36 +0100},
  biburl    = {https://dblp.org/rec/conf/gis/FunkeLS16.bib},
  bibsource = {dblp computer science bibliography, https://dblp.org}
}

@inproceedings{DBLP:conf/socs/StrasserHB14,
  author    = {Ben Strasser and
               Daniel Harabor and
               Adi Botea},
  editor    = {Stefan Edelkamp and
               Roman Bart{\'{a}}k},
  title     = {Fast First-Move Queries through Run-Length Encoding},
  booktitle = {Proceedings of the Seventh Annual Symposium on Combinatorial Search,
               {SOCS} 2014, Prague, Czech Republic, 15-17 August 2014},
  publisher = {{AAAI} Press},
  year      = {2014},
  url_       = {http://www.aaai.org/ocs/index.php/SOCS/SOCS14/paper/view/8906},
  timestamp = {Thu, 31 Jul 2014 13:22:23 +0200},
  biburl    = {https://dblp.org/rec/conf/socs/StrasserHB14.bib},
  bibsource = {dblp computer science bibliography, https://dblp.org}
}

@inproceedings{DBLP:conf/gis/DibbeltSW15,
  author    = {Julian Dibbelt and
               Ben Strasser and
               Dorothea Wagner},
  editor    = {Jie Bao and
               Christian Sengstock and
               Mohammed Eunus Ali and
               Yan Huang and
               Michael Gertz and
               Matthias Renz and
               Jagan Sankaranarayanan},
  title     = {Fast exact shortest path and distance queries on road networks with
               parametrized costs},
  booktitle = {Proceedings of the 23rd {SIGSPATIAL} International Conference on Advances
               in Geographic Information Systems, Bellevue, WA, USA, November 3-6,
               2015},
  pages     = {66:1--66:4},
  publisher = {{ACM}},
  year      = {2015},
  url_       = {https://doi.org/10.1145/2820783.2820856},
  doi       = {10.1145/2820783.2820856},
  timestamp = {Tue, 06 Nov 2018 11:07:36 +0100},
  biburl    = {https://dblp.org/rec/conf/gis/DibbeltSW15.bib},
  bibsource = {dblp computer science bibliography, https://dblp.org}
}

@inproceedings{DBLP:conf/gis/FunkeS15,
  author    = {Stefan Funke and
               Sabine Storandt},
  editor    = {Jie Bao and
               Christian Sengstock and
               Mohammed Eunus Ali and
               Yan Huang and
               Michael Gertz and
               Matthias Renz and
               Jagan Sankaranarayanan},
  title     = {Personalized route planning in road networks},
  booktitle = {Proceedings of the 23rd {SIGSPATIAL} International Conference on Advances
               in Geographic Information Systems, Bellevue, WA, USA, November 3-6,
               2015},
  pages     = {45:1--45:10},
  publisher = {{ACM}},
  year      = {2015},
  url_       = {https://doi.org/10.1145/2820783.2820830},
  doi       = {10.1145/2820783.2820830},
  timestamp = {Tue, 06 Nov 2018 11:07:36 +0100},
  biburl    = {https://dblp.org/rec/conf/gis/FunkeS15.bib},
  bibsource = {dblp computer science bibliography, https://dblp.org}
}

@article{DBLP:journals/pvldb/FunkeNS14,
  author    = {Stefan Funke and
               Andr{\'{e}} Nusser and
               Sabine Storandt},
  title     = {On k-Path Covers and their Applications},
  journal   = {Proc. {VLDB} Endow.},
  volume    = {7},
  number    = {10},
  pages     = {893--902},
  year      = {2014},
  url_       = {http://www.vldb.org/pvldb/vol7/p893-funke.pdf},
  doi       = {10.14778/2732951.2732963},
  timestamp = {Sat, 25 Apr 2020 13:59:13 +0200},
  biburl    = {https://dblp.org/rec/journals/pvldb/FunkeNS14.bib},
  bibsource = {dblp computer science bibliography, https://dblp.org}
}

@article{DBLP:journals/tciaig/BaierBHH15,
  author    = {Jorge A. Baier and
               Adi Botea and
               Daniel Harabor and
               Carlos Hern{\'{a}}ndez},
  title     = {Fast Algorithm for Catching a Prey Quickly in Known and Partially
               Known Game Maps},
  journal   = {{IEEE} Trans. Comput. Intell. {AI} Games},
  volume    = {7},
  number    = {2},
  pages     = {193--199},
  year      = {2015},
  url_       = {https://doi.org/10.1109/TCIAIG.2014.2337889},
  doi       = {10.1109/TCIAIG.2014.2337889},
  timestamp = {Wed, 13 May 2020 17:18:27 +0200},
  biburl    = {https://dblp.org/rec/journals/tciaig/BaierBHH15.bib},
  bibsource = {dblp computer science bibliography, https://dblp.org}
}

@article{DBLP:journals/ai/SharonSFS15,
  author    = {Guni Sharon and
               Roni Stern and
               Ariel Felner and
               Nathan R. Sturtevant},
  title     = {Conflict-based search for optimal multi-agent pathfinding},
  journal   = {Artif. Intell.},
  volume    = {219},
  pages     = {40--66},
  year      = {2015},
  url_       = {https://doi.org/10.1016/j.artint.2014.11.006},
  doi       = {10.1016/j.artint.2014.11.006},
  timestamp = {Sat, 19 Oct 2019 19:55:50 +0200},
  biburl    = {https://dblp.org/rec/journals/ai/SharonSFS15.bib},
  bibsource = {dblp computer science bibliography, https://dblp.org}
}

@inproceedings{DBLP:conf/ijcai/0002UJAKK18,
  author    = {Liron Cohen and
               Tansel Uras and
               Shiva Jahangiri and
               Aliyah Arunasalam and
               Sven Koenig and
               T. K. Satish Kumar},
  editor    = {J{\'{e}}r{\^{o}}me Lang},
  title     = {The FastMap Algorithm for Shortest Path Computations},
  booktitle = {Proceedings of the Twenty-Seventh International Joint Conference on
               Artificial Intelligence, {IJCAI} 2018, July 13-19, 2018, Stockholm,
               Sweden},
  pages     = {1427--1433},
  publisher = {ijcai.org},
  year      = {2018},
  url_       = {https://doi.org/10.24963/ijcai.2018/198},
  doi       = {10.24963/ijcai.2018/198},
  timestamp = {Tue, 20 Aug 2019 16:19:16 +0200},
  biburl    = {https://dblp.org/rec/conf/ijcai/0002UJAKK18.bib},
  bibsource = {dblp computer science bibliography, https://dblp.org}
}

@inproceedings{DBLP:conf/aaai/EisnerFS11,
  author    = {Jochen Eisner and
               Stefan Funke and
               Sabine Storandt},
  editor    = {Wolfram Burgard and
               Dan Roth},
  title     = {Optimal Route Planning for Electric Vehicles in Large Networks},
  booktitle = {Proceedings of the Twenty-Fifth {AAAI} Conference on Artificial Intelligence,
               {AAAI} 2011, San Francisco, California, USA, August 7-11, 2011},
  publisher = {{AAAI} Press},
  year      = {2011},
  url_       = {http://www.aaai.org/ocs/index.php/AAAI/AAAI11/paper/view/3637},
  timestamp = {Tue, 09 Aug 2011 08:42:18 +0200},
  biburl    = {https://dblp.org/rec/conf/aaai/EisnerFS11.bib},
  bibsource = {dblp computer science bibliography, https://dblp.org}
}

@article{DBLP:journals/algorithmica/BaumDPSWZ20,
  author    = {Moritz Baum and
               Julian Dibbelt and
               Thomas Pajor and
               Jonas Sauer and
               Dorothea Wagner and
               Tobias Z{\"{u}}ndorf},
  title     = {Energy-Optimal Routes for Battery Electric Vehicles},
  journal   = {Algorithmica},
  volume    = {82},
  number    = {5},
  pages     = {1490--1546},
  year      = {2020},
  url_       = {https://doi.org/10.1007/s00453-019-00655-9},
  doi       = {10.1007/s00453-019-00655-9},
  timestamp = {Thu, 09 Apr 2020 21:56:46 +0200},
  biburl    = {https://dblp.org/rec/journals/algorithmica/BaumDPSWZ20.bib},
  bibsource = {dblp computer science bibliography, https://dblp.org}
}

@inproceedings{DBLP:conf/aaai/ZhouH02,
  author    = {Rong Zhou and
               Eric A. Hansen},
  editor    = {Rina Dechter and
               Michael J. Kearns and
               Richard S. Sutton},
  title     = {Multiple Sequence Alignment Using Anytime A\({}^{\mbox{*}}\)},
  booktitle = {Proceedings of the Eighteenth National Conference on Artificial Intelligence
               and Fourteenth Conference on Innovative Applications of Artificial
               Intelligence, July 28 - August 1, 2002, Edmonton, Alberta, Canada},
  pages     = {975--977},
  publisher = {{AAAI} Press / The {MIT} Press},
  year      = {2002},
  url_       = {http://www.aaai.org/Library/AAAI/2002/aaai02-155.php},
  timestamp = {Mon, 26 Feb 2018 07:08:45 +0100},
  biburl    = {https://dblp.org/rec/conf/aaai/ZhouH02.bib},
  bibsource = {dblp computer science bibliography, https://dblp.org}
}

@inproceedings{DBLP:conf/nips/LikhachevGT03,
  author    = {Maxim Likhachev and
               Geoffrey J. Gordon and
               Sebastian Thrun},
  editor    = {Sebastian Thrun and
               Lawrence K. Saul and
               Bernhard Sch{\"{o}}lkopf},
  title     = {ARA*: Anytime A* with Provable Bounds on Sub-Optimality},
  booktitle = {Advances in Neural Information Processing Systems 16 [Neural Information
               Processing Systems, {NIPS} 2003, December 8-13, 2003, Vancouver and
               Whistler, British Columbia, Canada]},
  pages     = {767--774},
  publisher = {{MIT} Press},
  year      = {2003},
  url_       = {http://papers.nips.cc/paper/2382-ara-anytime-a-with-provable-bounds-on-sub-optimality},
  timestamp = {Fri, 06 Mar 2020 16:59:30 +0100},
  biburl    = {https://dblp.org/rec/conf/nips/LikhachevGT03.bib},
  bibsource = {dblp computer science bibliography, https://dblp.org}
}

@inproceedings{DBLP:conf/socs/SturtevantTTUKS15,
  author    = {Nathan R. Sturtevant and
               Jason M. Traish and
               James R. Tulip and
               Tansel Uras and
               Sven Koenig and
               Ben Strasser and
               Adi Botea and
               Daniel Harabor and
               Steve Rabin},
  editor    = {Levi Lelis and
               Roni Stern},
  title     = {The Grid-Based Path Planning Competition: 2014 Entries and Results},
  booktitle = {Proceedings of the Eighth Annual Symposium on Combinatorial Search,
               {SOCS} 2015, 11-13 June 2015, Ein Gedi, the Dead Sea, Israel},
  pages     = {241},
  publisher = {{AAAI} Press},
  year      = {2015},
  url_       = {http://www.aaai.org/ocs/index.php/SOCS/SOCS15/paper/view/11290},
  timestamp = {Fri, 12 Jun 2015 18:29:13 +0200},
  biburl    = {https://dblp.org/rec/conf/socs/SturtevantTTUKS15.bib},
  bibsource = {dblp computer science bibliography, https://dblp.org}
}

@inproceedings{DBLP:conf/aaai/UrasK14,
  author    = {Tansel Uras and
               Sven Koenig},
  editor    = {Carla E. Brodley and
               Peter Stone},
  title     = {Identifying Hierarchies for Fast Optimal Search},
  booktitle = {Proceedings of the Twenty-Eighth {AAAI} Conference on Artificial Intelligence,
               July 27 -31, 2014, Qu{\'{e}}bec City, Qu{\'{e}}bec, Canada},
  pages     = {878--884},
  publisher = {{AAAI} Press},
  year      = {2014},
  url_       = {http://www.aaai.org/ocs/index.php/AAAI/AAAI14/paper/view/8497},
  timestamp = {Thu, 31 Jul 2014 09:00:19 +0200},
  biburl    = {https://dblp.org/rec/conf/aaai/UrasK14.bib},
  bibsource = {dblp computer science bibliography, https://dblp.org}
}
