@article{DBLP:journals/cacm/Knuth74,
  author    = {Donald E. Knuth},
  title     = {{Computer Programming as an Art}},
  journal   = {Commun. {ACM}},
  volume    = {17},
  number    = {12},
  pages     = {667--673},
  year      = {1974},
  doi       = {10.1145/361604.361612},
  timestamp = {Tue, 07 Jun 2011 16:50:57 +0200},
  biburl    = {http://dblp.uni-trier.de/rec/bib/journals/cacm/Knuth74},
  bibsource = {dblp computer science bibliography, http://dblp.org}
}

@article{DBLP:journals/cacm/Dijkstra68a,
  author    = {Edsger W. Dijkstra},
  title     = {Letters to the editor: go to statement considered harmful},
  journal   = {Commun. {ACM}},
  volume    = {11},
  number    = {3},
  pages     = {147--148},
  year      = {1968},
  doi       = {10.1145/362929.362947},
  timestamp = {Thu, 09 Feb 2006 13:19:49 +0100},
  biburl    = {http://dblp.uni-trier.de/rec/bib/journals/cacm/Dijkstra68a},
  bibsource = {dblp computer science bibliography, http://dblp.org}
}

@book{DBLP:books/mk/GrayR93,
  author    = {Jim Gray and
               Andreas Reuter},
  title     = {Transaction Processing: Concepts and Techniques},
  publisher = {Morgan Kaufmann},
  year      = {1993},
  isbn      = {1-55860-190-2},
  timestamp = {Thu, 05 Nov 2015 19:53:28 +0100},
  biburl    = {http://dblp.uni-trier.de/rec/bib/books/mk/GrayR93},
  bibsource = {dblp computer science bibliography, http://dblp.org}
}



@inproceedings{DBLP:conf/focs/HopcroftPV75,
  author    = {{John E.} Hopcroft and
               {Wolfgang J.} Paul and
               {Leslie G.} Valiant},
  title     = {On Time versus Space and Related Problems},
  booktitle = {16th Annual Symposium on Foundations of Computer Science, Berkeley,
               California, USA, October 13-15, 1975},
  pages     = {57--64},
  year      = {1975},
  crossref  = {DBLP:conf/focs/FOCS16},
  doi       = {10.1109/SFCS.1975.23},
  timestamp = {Tue, 16 Dec 2014 09:57:24 +0100},
  biburl    = {http://dblp.uni-trier.de/rec/bib/conf/focs/HopcroftPV75},
  bibsource = {dblp computer science bibliography, http://dblp.org}
}

@proceedings{DBLP:conf/focs/FOCS16,
  title     = {16th Annual Symposium on Foundations of Computer Science, Berkeley,
               California, USA, October 13-15, 1975},
  publisher = {{IEEE} Computer Society},
  year      = {1975},
  timestamp = {Mon, 15 Dec 2014 18:48:44 +0100},
  biburl    = {http://dblp.uni-trier.de/rec/bib/conf/focs/FOCS16},
  bibsource = {dblp computer science bibliography, http://dblp.org}
}


@ARTICLE{dsw-cch-15,
AUTHOR = {Julian Dibbelt and Ben Strasser and Dorothea Wagner},
TITLE = {{Customizable Contraction Hierarchies}},
JOURNAL = {ACM Journal of Experimental Algorithmics},
MONTH = {April},
NUMBER = {1},
PAGES = {1.5:1--1.5:49},
URL = {http://doi.acm.org/10.1145/2886843},
VOLUME = {21},
YEAR = {2016}
}

@ARTICLE{gssv-erlrn-12,
AUTHOR = {Robert Geisberger and Peter Sanders and Dominik Schultes and Christian Vetter},
TITLE = {{Exact Routing in Large Road Networks Using Contraction Hierarchies}},
JOURNAL = {Transportation Science},
MONTH = {August},
NUMBER = {3},
PAGES = {388--404},
VOLUME = {46},
YEAR = {2012}
}

@ARTICLE{hnr-afbhd-68,
AUTHOR = {Peter E. Hart and Nils Nilsson and Bertram Raphael},
TITLE = {{A Formal Basis for the Heuristic Determination of Minimum Cost Paths}},
JOURNAL = {IEEE Transactions on Systems Science and Cybernetics},
PAGES = {100--107},
VOLUME = {4},
YEAR = {1968}
}

@ARTICLE{d-ntpcg-59,
AUTHOR = {Edsger W. Dijkstra},
TITLE = {{A Note on Two Problems in Connexion with Graphs}},
JOURNAL = {Numerische Mathematik},
NUMBER = {1},
PAGES = {269--271},
VOLUME = {1},
YEAR = {1959}
}

@INCOLLECTION{bdgmpsww-rptn-16,
AUTHOR = {Hannah Bast and Daniel Delling and Andrew V. Goldberg and Matthias {M{\"u}ller--Hannemann} and Thomas Pajor and Peter Sanders and Dorothea Wagner and Renato F. Werneck},
TITLE = {{Route Planning in Transportation Networks}},
EDITOR = {Lasse Kliemann and Peter Sanders},
BOOKTITLE = {Algorithm Engineering - Selected Results and Surveys},
PUBLISHER = {Springer},
SERIES = {Lecture Notes in Computer Science},
URL = {http://www.springer.com/gp/book/9783319494869},
VOLUME = {9220},
YEAR = {2016},
PAGES = {19--80},
PDF = {http://i11www.ira.uka.de/extra/publications/bdgmpsww-rptn-16.pdf}
}

@ARTICLE{bgsv-mtdtt-13,
AUTHOR = {Gernot Veit Batz and Robert Geisberger and Peter Sanders and Christian Vetter},
TITLE = {{Minimum Time-Dependent Travel Times with Contraction Hierarchies}},
JOURNAL = {ACM Journal of Experimental Algorithmics},
MONTH = {April},
NUMBER = {1.4},
PAGES = {1--43},
VOLUME = {18},
YEAR = {2013}
}

@ARTICLE{dgnw-phast-13,
AUTHOR = {Daniel Delling and Andrew V. Goldberg and Andreas Nowatzyk and Renato F. Werneck},
TITLE = {{{PHAST}: Hardware-accelerated shortest path trees}},
JOURNAL = {Journal of Parallel and Distributed Computing},
NUMBER = {7},
PAGES = {940--952},
PDF = {http://i11www.ira.uka.de/extra/publications/dgnw-phast-12.pdf},
URL = {http://www.sciencedirect.com/science/article/pii/S074373151200041X},
VOLUME = {73},
YEAR = {2013}
}

@INPROCEEDINGS{gh-cspas-05,
AUTHOR = {Andrew V. Goldberg and Chris Harrelson},
TITLE = {{Computing the Shortest Path: {A*} Search Meets Graph Theory}},
BOOKTITLE = {Proceedings of the 16th Annual {ACM--SIAM} Symposium on Discrete Algorithms (SODA'05)},
KEY = {SODA'05},
PUBLISHER = {SIAM},
YEAR = {2005},
PAGES = {156--165},
PDF = {http://i11www.ira.uka.de/extra/publications/gh-cspas-05.pdf}
}
